<record><leader>00000cas a22000007a 4500</leader><controlfield tag="001">9266358</controlfield><controlfield tag="008">830301d18271829ctuwr ne      0    0eng  </controlfield><datafield ind1=" " ind2=" " tag="010"><subfield code="a">sn 82016260 </subfield></datafield><datafield ind1=" " ind2=" " tag="040"><subfield code="a">DLC</subfield><subfield code="b">eng</subfield><subfield code="c">DLC</subfield><subfield code="d">NPX</subfield><subfield code="d">NPU</subfield><subfield code="d">NPA</subfield><subfield code="d">DLC</subfield><subfield code="d">YOX</subfield><subfield code="d">CNW</subfield><subfield code="d">OCL</subfield><subfield code="d">OCLCG</subfield><subfield code="d">DLC</subfield><subfield code="d">OCLCQ</subfield><subfield code="d">OCLCF</subfield></datafield><datafield ind1="1" ind2=" " tag="029"><subfield code="a">AU@</subfield><subfield code="b">000020120594</subfield></datafield><datafield ind1=" " ind2=" " tag="042"><subfield code="a">msc</subfield></datafield><datafield ind1=" " ind2=" " tag="043"><subfield code="a">n-us-ct</subfield></datafield><datafield ind1="0" ind2="0" tag="050"><subfield code="a">Newspaper</subfield></datafield><datafield ind1="0" ind2="0" tag="245"><subfield code="a">Stonington telegraph.</subfield></datafield><datafield ind1=" " ind2=" " tag="260"><subfield code="a">Stonington, Conn. :</subfield><subfield code="b">William Storer</subfield></datafield><datafield ind1=" " ind2=" " tag="300"><subfield code="a">v. ;</subfield><subfield code="c">68 cm.</subfield></datafield><datafield ind1=" " ind2=" " tag="310"><subfield code="a">Weekly</subfield></datafield><datafield ind1="1" ind2=" " tag="362"><subfield code="a">Began in 1827; ceased in 1829.</subfield></datafield><datafield ind1=" " ind2=" " tag="500"><subfield code="a">Published in Stonington Borough, &lt;Oct. 31, 1827-Feb. 13, 1828&gt;.</subfield></datafield><datafield ind1=" " ind2=" " tag="500"><subfield code="a">Publishers: W. &amp; J.B. Storer, &lt;1828&gt;.</subfield></datafield><datafield ind1=" " ind2=" " tag="500"><subfield code="a">Editors: W. Storer, &lt;1827&gt;; J.T. Adams, &lt;1828&gt;.</subfield></datafield><datafield ind1=" " ind2=" " tag="588"><subfield code="a">Description based on: Vol. 4, no. 8 (Sept. 12, 1827).</subfield></datafield><datafield ind1=" " ind2="0" tag="651"><subfield code="a">Stonington (Conn.)</subfield><subfield code="v">Newspapers.</subfield></datafield><datafield ind1=" " ind2="7" tag="655"><subfield code="a">Newspapers.</subfield><subfield code="2">fast</subfield><subfield code="0">(OCoLC)fst01423814</subfield></datafield><datafield ind1=" " ind2="7" tag="651"><subfield code="a">Connecticut</subfield><subfield code="z">Stonington.</subfield><subfield code="2">fast</subfield><subfield code="0">(OCoLC)fst01216240</subfield></datafield><datafield ind1="1" ind2=" " tag="700"><subfield code="a">Storer, William.</subfield></datafield><datafield ind1="1" ind2=" " tag="700"><subfield code="a">Adams, John Turvill,</subfield><subfield code="d">1805-1882.</subfield></datafield><datafield ind1=" " ind2=" " tag="752"><subfield code="a">United States</subfield><subfield code="b">Connecticut</subfield><subfield code="c">New London</subfield><subfield code="d">Stonington.</subfield></datafield><datafield ind1="0" ind2="0" tag="780"><subfield code="t">Yankee (Stonington, Conn.)</subfield><subfield code="w">(DLC)sn 82015195</subfield><subfield code="w">(OCoLC)8807562</subfield></datafield><datafield ind1="0" ind2="7" tag="785"><subfield code="t">Norwich Republican (Norwich, Conn. : 1828)</subfield><subfield code="w">(DLC)sn 93053791</subfield><subfield code="w">(OCoLC)27638202</subfield></datafield><datafield ind1="0" ind2="7" tag="785"><subfield code="t">Norwich Republican and Stonington telegraph</subfield><subfield code="w">(DLC)sn 84022637</subfield><subfield code="w">(OCoLC)10497908</subfield></datafield></record>